@misc{ nakamoto:bitcoin,
       title = {{Bitcoin: A Peer-to-Peer Electronic Cash System}},
       author = {Satoshi Nakamoto},
       year = {2008},
       howpublished = {\url{https://bitcoin.org/bitcoin.pdf}}
}